<?xml version="1.0" encoding="UTF-8"?>
<collection xmlns:xsi="http://www.w3.org/2001/XMLSchema-instance" xsi:schemaLocation="http://www.loc.gov/MARC21/slim http://www.loc.gov/standards/marcxml/schema/MARC21slim.xsd" xmlns="http://www.loc.gov/MARC21/slim">
<record>
  <leader>00726cam a2200241   4500</leader>
  <controlfield tag="001">2983703</controlfield>
  <controlfield tag="003">NNC</controlfield>
  <controlfield tag="005">20150817132406.0</controlfield>
  <controlfield tag="008">900618s1967    iq       b    000 0 ararc</controlfield>
  <datafield tag="010" ind1=" " ind2=" ">
    <subfield code="a">ne 68001737 </subfield>
  </datafield>
  <datafield tag="035" ind1=" " ind2=" ">
    <subfield code="a">(OCoLC)ocm21880350</subfield>
  </datafield>
  <datafield tag="035" ind1=" " ind2=" ">
    <subfield code="9">ASN0890CU</subfield>
  </datafield>
  <datafield tag="035" ind1=" " ind2=" ">
    <subfield code="a">(NNC)2983703</subfield>
  </datafield>
  <datafield tag="040" ind1=" " ind2=" ">
    <subfield code="a">Princeton Univ. Libr.</subfield>
    <subfield code="c">WAU</subfield>
    <subfield code="d">ZCU</subfield>
  </datafield>
  <datafield tag="050" ind1="0" ind2=" ">
    <subfield code="a">PJ6101.S53</subfield>
    <subfield code="b">H32</subfield>
  </datafield>
  <datafield tag="100" ind1="1" ind2=" ">
    <subfield code="a">Ḥadīthī, Khadījah.</subfield>
  </datafield>
  <datafield tag="245" ind1="1" ind2="0">
    <subfield code="a">Kitāb Sībawayh wa-shurūḥuh</subfield>
    <subfield code="c">[taʾlīf] Khadījah al-Ḥadīthī.</subfield>
  </datafield>
  <datafield tag="250" ind1=" " ind2=" ">
    <subfield code="a">al-Ṭabʻah 1</subfield>
  </datafield>
  <datafield tag="260" ind1=" " ind2=" ">
    <subfield code="a">Baghdād,</subfield>
    <subfield code="c">1967</subfield>
  </datafield>
  <datafield tag="300" ind1=" " ind2=" ">
    <subfield code="a">303 p.</subfield>
    <subfield code="c">24 cm.</subfield>
  </datafield>
  <datafield tag="504" ind1=" " ind2=" ">
    <subfield code="a">Bibliography: p. 281-292.</subfield>
  </datafield>
  <datafield tag="600" ind1="1" ind2="0">
    <subfield code="a">Sībawayh, ʻAmr ibn ʻUthmān,</subfield>
    <subfield code="d">active 8th century.</subfield>
    <subfield code="t">Kitāb.</subfield>
  </datafield>
  <datafield tag="955" ind1=" " ind2=" ">
    <subfield code="b">0036759953</subfield>
    <subfield code="d">glx</subfield>
    <subfield code="e">PJ6101.S53 H32</subfield>
  </datafield>
</record>
</collection>